@book{leskovec_mining_2014,
	title = {Mining of massive datasets},
	urldate = {2015-05-27},
	publisher = {Cambridge University Press},
	author = {Leskovec, Jure and Rajaraman, Anand and Ullman, Jeffrey David},
	year = {2014},
	file = {Leskovec, Rajaraman, Ullman - Mining of Massive Datasets.pdf:/home/mbc/.zotero/zotero/c96c6e48.default/zotero/storage/KIKC8V4Q/Leskovec, Rajaraman, Ullman - Mining of Massive Datasets.pdf:application/pdf}
}

@article{harper2016movielens,
  title={The movielens datasets: History and context},
  author={Harper, F Maxwell and Konstan, Joseph A},
  journal={ACM Transactions on Interactive Intelligent Systems (TiiS)},
  volume={5},
  number={4},
  pages={19},
  year={2016},
  publisher={ACM}
}

@inproceedings{ziegler2005improving,
  title={Improving recommendation lists through topic diversification},
  author={Ziegler, Cai-Nicolas and McNee, Sean M and Konstan, Joseph A and Lausen, Georg},
  booktitle={Proceedings of the 14th international conference on World Wide Web},
  pages={22--32},
  year={2005},
  organization={ACM}
}

@inproceedings{Cremonesi:2010:PRA:1864708.1864721,
 author = {Cremonesi, Paolo and Koren, Yehuda and Turrin, Roberto},
 title = {Performance of Recommender Algorithms on Top-n Recommendation Tasks},
 booktitle = {Proceedings of the Fourth ACM Conference on Recommender Systems},
 series = {RecSys '10},
 year = {2010},
 isbn = {978-1-60558-906-0},
 pages = {39--46},
 numpages = {8},
 url = {http://doi.acm.org/10.1145/1864708.1864721},
 doi = {10.1145/1864708.1864721},
 acmid = {1864721},
 publisher = {ACM},
 address = {New York, NY, USA},
 keywords = {evaluation, precision, recall, top-n recommendations},
}

@Manual{R_manual,
  title = {R: A Language and Environment for Statistical Computing},
  author = {{R Core Team}},
  organization = {R Foundation for Statistical Computing},
  address = {Vienna, Austria},
  year = {2016},
  url = {https://www.R-project.org/},
}

@Manual{RANN_package,
    title = {RANN: Fast Nearest Neighbour Search (Wraps Arya and Mount's ANN Library)},
    author = {Sunil Arya and David Mount and Samuel E. Kemp and Gregory Jefferis},
    year = {2015},
    note = {R package version 2.5},
    url = {https://CRAN.R-project.org/package=RANN},
  }

@Article{Rcpp_Article_Eddelbuettel_Francois,
  title = {{Rcpp}: Seamless {R} and {C++} Integration},
  author = {Dirk Eddelbuettel and Romain Fran\c{c}ois},
  journal = {Journal of Statistical Software},
  year = {2011},
  volume = {40},
  number = {8},
  pages = {1--18},
  url = {http://www.jstatsoft.org/v40/i08/},
}

@Book{Rcpp_Book_Eddelbuettel,
  title = {Seamless {R} and {C++} Integration with {Rcpp}},
  author = {Dirk Eddelbuettel},
  publisher = {Springer},
  address = {New York},
  year = {2013},
  note = {ISBN 978-1-4614-6867-7},
}

@Book{wickham_ggplot2,
  author = {Hadley Wickham},
  title = {ggplot2: Elegant Graphics for Data Analysis},
  publisher = {Springer-Verlag New York},
  year = {2009},
  isbn = {978-0-387-98140-6},
  url = {http://ggplot2.org},
}

@Manual{wickham_tidyverse,
  title = {tidyverse: Easily Install and Load 'Tidyverse' Packages},
  author = {Hadley Wickham},
  year = {2016},
  note = {R package version 1.0.0},
  url = {https://CRAN.R-project.org/package=tidyverse},
}

@book{james2013introduction,
  title={An introduction to statistical learning},
  author={James, Gareth and Witten, Daniela and Hastie, Trevor and Tibshirani, Robert},
  volume={6},
  year={2013},
  publisher={Springer}
}

@book{friedman2001elements,
  title={The elements of statistical learning},
  author={Friedman, Jerome and Hastie, Trevor and Tibshirani, Robert},
  volume={1},
  year={2001},
  publisher={Springer series in statistics Springer, Berlin}
}

@book{christopher2006pattern,
  title={Pattern recognition and machine learning},
  author={Christopher M.. Bishop},
  year={2006},
  publisher={Springer}
}

@book{nocedal2006numerical,
  title={Numerical Optimization, Second Edition},
  author={Nocedal, Jorge and Wright, Stephen J},
  year={2006},
  publisher={Springer New York}
}

@inproceedings{roux2012stochastic,
  title={A stochastic gradient method with an exponential convergence \_rate for finite training sets},
  author={Roux, Nicolas L and Schmidt, Mark and Bach, Francis R},
  booktitle={Advances in Neural Information Processing Systems},
  pages={2663--2671},
  year={2012}
}

@inproceedings{johnson2013accelerating,
  title={Accelerating stochastic gradient descent using predictive variance reduction},
  author={Johnson, Rie and Zhang, Tong},
  booktitle={Advances in Neural Information Processing Systems},
  pages={315--323},
  year={2013}
}

@misc{1606.04838,
  Author = {LÃ©on Bottou and Frank E. Curtis and Jorge Nocedal},
  Title = {Optimization Methods for Large-Scale Machine Learning},
  Year = {2016},
  Eprint = {arXiv:1606.04838},
}

@article{koren2009matrix,
  title={Matrix factorization techniques for recommender systems},
  author={Koren, Yehuda and Bell, Robert and Volinsky, Chris},
  journal={Computer},
  volume={42},
  number={8},
  year={2009},
  publisher={IEEE}
}

@Manual{recommenderlab_manual,
  title = {recommenderlab: Lab for Developing and Testing Recommender Algorithms},
  author = {Michael Hahsler},
  year = {2016},
  note = {R package version 0.2-1},
  url = {https://CRAN.R-project.org/package=recommenderlab},
}

@book{anderson2006long,
  title={The long tail: Why the future of business is selling less of more},
  author={Anderson, Chris},
  year={2006},
  publisher={Hachette Books}
}

@misc{bloombergnetflixsales,
  title = {Netflix},
  author = {Mullaney, Timothy J.},
  howpublished = {\url{https://www.bloomberg.com/news/articles/2006-05-24/netflix}}
}

@misc{netflixprize,
  title = {The Netflix Prize},
  howpublished = {\url{http://www.netflixprize.com/}}
}

@inproceedings{bennett2007netflix,
  title={The netflix prize},
  author={Bennett, James and Lanning, Stan and others},
  booktitle={Proceedings of KDD cup and workshop},
  volume={2007},
  pages={35},
  year={2007},
  organization={New York, NY, USA}
}

@article{bell2007lessons,
  title={Lessons from the Netflix prize challenge},
  author={Bell, Robert M and Koren, Yehuda},
  journal={Acm Sigkdd Explorations Newsletter},
  volume={9},
  number={2},
  pages={75--79},
  year={2007},
  publisher={ACM}
}

@article{bell2008bellkor,
  title={The bellkor 2008 solution to the netflix prize},
  author={Bell, Robert M and Koren, Yehuda and Volinsky, Chris},
  journal={Statistics Research Department at AT\&T Research},
  year={2008}
}








